@Misc{SO,
title = {Stack Overflow},
howpublished = {\url{www.stackoverflow.com}}
}