@misc{SO,
	title = {Stack Overflow},
	howpublished={\url{www.stackoverflow.com}}
}

@misc{so-dump,
	title={Stack Exchange Data Dump, Inc. : Free Download \& Streaming: Internet Archive},
	howpublished={\url{https://archive.org/details/stackexchange}},
	year={2014},
	month={sep}
}

@misc{se,
  title={Stack Exchange Website},
  howpublished={\url{http://stackexchange.com/}}
}

@misc{sql-vs-nosql,
  title={Performance comparison for SQL and NoSQL databases },
  howpublished={\urk{http://www.infoivy.com/2013/09/performance-comparison-for-sql-and.html}},
  year={2013},
  month={sep}
}

@misc{sources,
  title={Sources du projet Stack Mining},
  howpublished={\url{https://github.com/Lorel/stack_mining}}
}